<record xmlns='http://www.loc.gov/MARC21/slim'><leader>02138cgm a2200433 a 4500</leader><controlfield tag='001'>2688608</controlfield><controlfield tag='005'>20141208235559.0</controlfield><controlfield tag='007'>vf|cbahou</controlfield><controlfield tag='008'>941107s1986    xx 165 e          vleng d</controlfield><datafield ind1=' ' ind2=' ' tag='035'><subfield code='a'>(NIC)notisANH0644</subfield></datafield><datafield ind1=' ' ind2=' ' tag='035'><subfield code='a'>(OCoLC)63882192</subfield></datafield><datafield ind1=' ' ind2=' ' tag='035'><subfield code='a'>2688608</subfield></datafield><datafield ind1=' ' ind2=' ' tag='040'><subfield code='a'>NIC</subfield><subfield code='c'>NIC</subfield></datafield><datafield ind1=' ' ind2=' ' tag='043'><subfield code='a'>n-us---</subfield></datafield><datafield ind1='0' ind2='0' tag='245'><subfield code='a'>State of Black America Conference</subfield><subfield code='h'>[videorecording] /</subfield><subfield code='c'>[Cornell University, Africana Studies and Research Center].</subfield></datafield><datafield ind1=' ' ind2=' ' tag='260'><subfield code='c'>[1986]</subfield></datafield><datafield ind1=' ' ind2=' ' tag='300'><subfield code='a'>2 videocassettes :</subfield><subfield code='b'>sd., col. ;</subfield><subfield code='c'>1/2 in.</subfield></datafield><datafield ind1=' ' ind2=' ' tag='538'><subfield code='a'>VHS.</subfield></datafield><datafield ind1='0' ind2=' ' tag='511'><subfield code='a'>Speakers: Gil Noble, Rev. Calvin Butts.</subfield></datafield><datafield ind1=' ' ind2=' ' tag='500'><subfield code='a'>Title from videocassette label.</subfield></datafield><datafield ind1=' ' ind2=' ' tag='518'><subfield code='a'>Videotaped live at Cornell University in April 25-26, 1986.</subfield></datafield><datafield ind1=' ' ind2=' ' tag='500'><subfield code='a'>&quot;181a-181b.&quot;</subfield></datafield><datafield ind1='0' ind2=' ' tag='505'><subfield code='a'>[v. 1] Black students and struggle / Gil Noble (60 min.) -- [v. 2. without any specific title] / Calvin Butts (105 min.).</subfield></datafield><datafield ind1=' ' ind2=' ' tag='520'><subfield code='a'>Gil Noble, a producer of &quot;Like it is&quot;, talks why he feels angry about the American society and asks audiences to understand their situation correctly; concern themselves to be repectable, responsible, and mature; and do somethig for the Black people.Calvin Butts, the reverend of Abyssinian Baptist Church, talks the importance of education to understand the American society better andachieve the equal rights and human dignity.</subfield></datafield><datafield ind1=' ' ind2='0' tag='650'><subfield code='a'>African Americans</subfield><subfield code='x'>Social conditions</subfield><subfield code='x'>Congresses.</subfield></datafield><datafield ind1=' ' ind2='0' tag='650'><subfield code='a'>Racism</subfield><subfield code='z'>United States</subfield><subfield code='x'>Congresses.</subfield></datafield><datafield ind1=' ' ind2='0' tag='650'><subfield code='a'>Black nationalism</subfield><subfield code='z'>United States</subfield><subfield code='x'>Congresses.</subfield></datafield><datafield ind1=' ' ind2='7' tag='650'><subfield code='a'>African Americans</subfield><subfield code='x'>Social conditions</subfield><subfield code='2'>fast</subfield><subfield code='0'>(OCoLC)fst00799698</subfield></datafield><datafield ind1=' ' ind2='7' tag='650'><subfield code='a'>Black nationalism</subfield><subfield code='2'>fast</subfield><subfield code='0'>(OCoLC)fst00833733</subfield></datafield><datafield ind1=' ' ind2='7' tag='650'><subfield code='a'>Racism</subfield><subfield code='2'>fast</subfield><subfield code='0'>(OCoLC)fst01086616</subfield></datafield><datafield ind1=' ' ind2='7' tag='651'><subfield code='a'>United States</subfield><subfield code='2'>fast</subfield><subfield code='0'>(OCoLC)fst01204155</subfield></datafield><datafield ind1=' ' ind2='7' tag='655'><subfield code='a'>Conference proceedings</subfield><subfield code='2'>fast</subfield><subfield code='0'>(OCoLC)fst01423772</subfield></datafield><datafield ind1='1' ind2=' ' tag='700'><subfield code='a'>Noble, Gil.</subfield></datafield><datafield ind1='1' ind2=' ' tag='700'><subfield code='a'>Butts, Calvin.</subfield></datafield><datafield ind1='2' ind2=' ' tag='710'><subfield code='a'>Cornell University.</subfield><subfield code='b'>Africana Studies and Research Center.</subfield></datafield><datafield ind1='2' ind2=' ' tag='711'><subfield code='a'>State of Black America Conference</subfield><subfield code='d'>(1986 :</subfield><subfield code='c'>Cornell University)</subfield></datafield><datafield ind1=' ' ind2=' ' tag='905'><subfield code='a'>19950707120000.0</subfield></datafield><datafield ind1='2' ind2=' ' tag='948'><subfield code='a'>20040621</subfield><subfield code='b'>a</subfield><subfield code='d'>pl233</subfield><subfield code='e'>lts</subfield></datafield><datafield ind1='2' ind2=' ' tag='948'><subfield code='a'>20141208</subfield><subfield code='b'>m</subfield><subfield code='d'>batch</subfield><subfield code='e'>lts</subfield><subfield code='x'>addfast</subfield></datafield></record>